<record><leader>00000cas a2200000Ia 4500</leader><controlfield tag="001">9151390</controlfield><controlfield tag="008">830121d19811986lauwr ne      0   a0eng d</controlfield><controlfield tag="009">769</controlfield><datafield ind1=" " ind2=" " tag="010"><subfield code="a">sn 88064488 </subfield></datafield><datafield ind1=" " ind2=" " tag="040"><subfield code="a">LNU</subfield><subfield code="c">LNU</subfield><subfield code="d">LNP</subfield></datafield><datafield ind1=" " ind2=" " tag="043"><subfield code="a">n-us-la</subfield></datafield><datafield ind1="0" ind2="4" tag="245"><subfield code="a">The Metairie guide.</subfield></datafield><datafield ind1=" " ind2=" " tag="260"><subfield code="a">Gretna, La. :</subfield><subfield code="b">Guide Newspapers Corp.,</subfield></datafield><datafield ind1=" " ind2=" " tag="300"><subfield code="a">v. :</subfield><subfield code="b">ill. ;</subfield><subfield code="c">57 cm.</subfield></datafield><datafield ind1=" " ind2=" " tag="310"><subfield code="a">Weekly</subfield></datafield><datafield ind1="0" ind2=" " tag="362"><subfield code="a">Vol. 10, no. 49 (July 29, 1981)-v. 15, no. 47 (Nov. 5, 1986).</subfield></datafield><datafield ind1=" " ind2=" " tag="515"><subfield code="a">Volume numbering is irregular.</subfield></datafield><datafield ind1=" " ind2=" " tag="752"><subfield code="a">United States</subfield><subfield code="b">Louisiana</subfield><subfield code="c">Jefferson</subfield><subfield code="d">Gretna.</subfield></datafield><datafield ind1=" " ind2=" " tag="752"><subfield code="a">United States</subfield><subfield code="b">Louisiana</subfield><subfield code="c">Jefferson</subfield><subfield code="d">Metairie.</subfield></datafield><datafield ind1="0" ind2="0" tag="780"><subfield code="t">East Bank guide (Metairie, La. : 1979)</subfield><subfield code="w">(DLC)sn 88064487</subfield></datafield></record>